@article{Banzon2014,
author = {Banzon, Viva F. and Reynolds, Richard W. and Stokes, Diane and Xue, Yan},
doi = {10.1175/JCLI-D-14-00293.1},
file = {:Users/ajsmit/Documents/Mendeley Desktop/Banzon et al/Journal of Climate/Banzon et al. - 2014 - Journal of Climate.pdf:pdf},
isbn = {10.1175/JCLI-D-14-00293.1},
issn = {08948755},
journal = {Journal of Climate},
keywords = {Anomalies,Climatology,Sea surface temperature},
number = {21},
pages = {8221--8228},
pmid = {17793577},
title = {{A 1/4Â°-Spatial-resolution daily sea surface temperature climatology based on a blended satellite and in situ analysis}},
volume = {27},
year = {2014}
}
